@inproceedings{langley00,
 author    = {P. Langley},
 title     = {Crafting Papers on Machine Learning},
 year      = {2000},
 pages     = {1207--1216},
 editor    = {Pat Langley},
 booktitle     = {Proceedings of the 17th International Conference
              on Machine Learning (ICML 2000)},
 address   = {Stanford, CA},
 publisher = {Morgan Kaufmann}
}

@TechReport{mitchell80,
  author = 	 "T. M. Mitchell",
  title = 	 "The Need for Biases in Learning Generalizations",
  institution =  "Computer Science Department, Rutgers University",
  year = 	 "1980",
  address =	 "New Brunswick, MA",
}

@phdthesis{kearns89,
  author = {M. J. Kearns},
  title =  {Computational Complexity of Machine Learning},
  school = {Department of Computer Science, Harvard University},
  year =   {1989}
}

@Book{MachineLearningI,
  editor = 	 "R. S. Michalski and J. G. Carbonell and T.
		  M. Mitchell",
  title = 	 "Machine Learning: An Artificial Intelligence
		  Approach, Vol. I",
  publisher = 	 "Tioga",
  year = 	 "1983",
  address =	 "Palo Alto, CA"
}

@Book{DudaHart2nd,
  author =       "R. O. Duda and P. E. Hart and D. G. Stork",
  title =        "Pattern Classification",
  publisher =    "John Wiley and Sons",
  edition =      "2nd",
  year =         "2000"
}

@misc{anonymous,
  title= {Suppressed for Anonymity},
  author= {Author, N. N.},
  year= {2021}
}

@InCollection{Newell81,
  author =       "A. Newell and P. S. Rosenbloom",
  title =        "Mechanisms of Skill Acquisition and the Law of
                  Practice", 
  booktitle =    "Cognitive Skills and Their Acquisition",
  pages =        "1--51",
  publisher =    "Lawrence Erlbaum Associates, Inc.",
  year =         "1981",
  editor =       "J. R. Anderson",
  chapter =      "1",
  address =      "Hillsdale, NJ"
}


@Article{Samuel59,
  author = 	 "A. L. Samuel",
  title = 	 "Some Studies in Machine Learning Using the Game of
		  Checkers",
  journal =	 "IBM Journal of Research and Development",
  year =	 "1959",
  volume =	 "3",
  number =	 "3",
  pages =	 "211--229"
}
@article{GPT4,
  author       = {OpenAI},
  title        = {{GPT-4} Technical Report},
  journal      = {CoRR},
  volume       = {abs/2303.08774},
  year         = {2023}
}
@article{GPT4_2,
  author       = {S{\'{e}}bastien Bubeck and
                  Varun Chandrasekaran and
                  Ronen Eldan and
                  Johannes Gehrke and
                  Eric Horvitz and
                  Ece Kamar and
                  Peter Lee and
                  Yin Tat Lee and
                  Yuanzhi Li and
                  Scott M. Lundberg and
                  Harsha Nori and
                  Hamid Palangi and
                  Marco T{\'{u}}lio Ribeiro and
                  Yi Zhang},
  title        = {Sparks of Artificial General Intelligence: Early experiments with
                  {GPT-4}},
  journal      = {CoRR},
  volume       = {abs/2303.12712},
  year         = {2023}
}
@inproceedings{instructGPT,
  author       = {Long Ouyang and
                  Jeffrey Wu and
                  Xu Jiang and
                  Diogo Almeida and
                  Carroll L. Wainwright and
                  Pamela Mishkin and
                  Chong Zhang and
                  Sandhini Agarwal and
                  Katarina Slama and
                  Alex Ray and
                  John Schulman and
                  Jacob Hilton and
                  Fraser Kelton and
                  Luke Miller and
                  Maddie Simens and
                  Amanda Askell and
                  Peter Welinder and
                  Paul F. Christiano and
                  Jan Leike and
                  Ryan Lowe},
  title        = {Training language models to follow instructions with human feedback},
  booktitle    = {NeurIPS},
  year         = {2022}
}
@article{PPO,
  author       = {John Schulman and
                  Filip Wolski and
                  Prafulla Dhariwal and
                  Alec Radford and
                  Oleg Klimov},
  title        = {Proximal Policy Optimization Algorithms},
  journal      = {CoRR},
  volume       = {abs/1707.06347},
  year         = {2017}
}
@inproceedings{
    DPO,
    title={Direct Preference Optimization: Your Language Model is Secretly a Reward Model},
    author={Rafael Rafailov and Archit Sharma and Eric Mitchell and Christopher D Manning and Stefano Ermon and Chelsea Finn},
    booktitle={NeurIPS},
    year={2023}
}
@article{evalGPT4,
  author       = {Mrinank Sharma and
                  Meg Tong and
                  Tomasz Korbak and
                  David Duvenaud and
                  Amanda Askell and
                  Samuel R. Bowman and
                  Newton Cheng and
                  Esin Durmus and
                  Zac Hatfield{-}Dodds and
                  Scott R. Johnston and
                  Shauna Kravec and
                  Timothy Maxwell and
                  Sam McCandlish and
                  Kamal Ndousse and
                  Oliver Rausch and
                  Nicholas Schiefer and
                  Da Yan and
                  Miranda Zhang and
                  Ethan Perez},
  title        = {Towards Understanding Sycophancy in Language Models},
  journal      = {CoRR},
  volume       = {abs/2310.13548},
  year         = {2023}
}
@article{UltraFeedback,
  author       = {Ganqu Cui and
                  Lifan Yuan and
                  Ning Ding and
                  Guanming Yao and
                  Wei Zhu and
                  Yuan Ni and
                  Guotong Xie and
                  Zhiyuan Liu and
                  Maosong Sun},
  title        = {UltraFeedback: Boosting Language Models with High-quality Feedback},
  journal      = {CoRR},
  volume       = {abs/2310.01377},
  year         = {2023}
}
@article{ipo,
  author       = {Mohammad Gheshlaghi Azar and
                  Mark Rowland and
                  Bilal Piot and
                  Daniel Guo and
                  Daniele Calandriello and
                  Michal Valko and
                  R{\'{e}}mi Munos},
  title        = {A General Theoretical Paradigm to Understand Learning from Human Preferences},
  journal      = {CoRR},
  volume       = {abs/2310.12036},
  year         = {2023}
}
@inproceedings{llm_datapruning,
  author       = {Ben Sorscher and
                  Robert Geirhos and
                  Shashank Shekhar and
                  Surya Ganguli and
                  Ari Morcos},
  title        = {Beyond neural scaling laws: beating power law scaling via data pruning},
  booktitle    = {NeurIPS},
  year         = {2022}
}
@inproceedings{noise_robust_finetuning,
  author       = {Song Wang and
                  Zhen Tan and
                  Ruocheng Guo and
                  Jundong Li},
  title        = {Noise-Robust Fine-Tuning of Pretrained Language Models via External
                  Guidance},
  booktitle    = {{EMNLP} (Findings)},
  pages        = {12528--12540},
  publisher    = {Association for Computational Linguistics},
  year         = {2023}
}
@article{HelpSteer,
  author       = {Zhilin Wang and
                  Yi Dong and
                  Jiaqi Zeng and
                  Virginia Adams and
                  Makesh Narsimhan Sreedhar and
                  Daniel Egert and
                  Olivier Delalleau and
                  Jane Polak Scowcroft and
                  Neel Kant and
                  Aidan Swope and
                  Oleksii Kuchaiev},
  title        = {HelpSteer: Multi-attribute Helpfulness Dataset for SteerLM},
  journal      = {CoRR},
  volume       = {abs/2311.09528},
  year         = {2023}
}
@inproceedings{ChristianoLBMLA17,
  author       = {Paul F. Christiano and
                  Jan Leike and
                  Tom B. Brown and
                  Miljan Martic and
                  Shane Legg and
                  Dario Amodei},
  title        = {Deep Reinforcement Learning from Human Preferences},
  booktitle    = {{NeurIPS}},
  year         = {2017}
}
@article{Bai2022training,
  author       = {Yuntao Bai and
                  Andy Jones and
                  Kamal Ndousse and
                  Amanda Askell and
                  Anna Chen and
                  Nova DasSarma and
                  Dawn Drain and
                  Stanislav Fort and
                  Deep Ganguli and
                  Tom Henighan and
                  Nicholas Joseph and
                  Saurav Kadavath and
                  Jackson Kernion and
                  Tom Conerly and
                  Sheer El Showk and
                  Nelson Elhage and
                  Zac Hatfield{-}Dodds and
                  Danny Hernandez and
                  Tristan Hume and
                  Scott Johnston and
                  Shauna Kravec and
                  Liane Lovitt and
                  Neel Nanda and
                  Catherine Olsson and
                  Dario Amodei and
                  Tom B. Brown and
                  Jack Clark and
                  Sam McCandlish and
                  Chris Olah and
                  Benjamin Mann and
                  Jared Kaplan},
  title        = {Training a Helpful and Harmless Assistant with Reinforcement Learning
                  from Human Feedback},
  journal      = {CoRR},
  volume       = {abs/2204.05862},
  year         = {2022}
}
@article{llama2,
  author       = {Hugo Touvron and
                  Louis Martin and
                  Kevin Stone and
                  Peter Albert and
                  Amjad Almahairi and
                  Yasmine Babaei and
                  Nikolay Bashlykov and
                  Soumya Batra and
                  Prajjwal Bhargava and
                  Shruti Bhosale and
                  Dan Bikel and
                  Lukas Blecher and
                  Cristian Canton{-}Ferrer and
                  Moya Chen and
                  Guillem Cucurull and
                  David Esiobu and
                  Jude Fernandes and
                  Jeremy Fu and
                  Wenyin Fu and
                  Brian Fuller and
                  Cynthia Gao and
                  Vedanuj Goswami and
                  Naman Goyal and
                  Anthony Hartshorn and
                  Saghar Hosseini and
                  Rui Hou and
                  Hakan Inan and
                  Marcin Kardas and
                  Viktor Kerkez and
                  Madian Khabsa and
                  Isabel Kloumann and
                  Artem Korenev and
                  Punit Singh Koura and
                  Marie{-}Anne Lachaux and
                  Thibaut Lavril and
                  Jenya Lee and
                  Diana Liskovich and
                  Yinghai Lu and
                  Yuning Mao and
                  Xavier Martinet and
                  Todor Mihaylov and
                  Pushkar Mishra and
                  Igor Molybog and
                  Yixin Nie and
                  Andrew Poulton and
                  Jeremy Reizenstein and
                  Rashi Rungta and
                  Kalyan Saladi and
                  Alan Schelten and
                  Ruan Silva and
                  Eric Michael Smith and
                  Ranjan Subramanian and
                  Xiaoqing Ellen Tan and
                  Binh Tang and
                  Ross Taylor and
                  Adina Williams and
                  Jian Xiang Kuan and
                  Puxin Xu and
                  Zheng Yan and
                  Iliyan Zarov and
                  Yuchen Zhang and
                  Angela Fan and
                  Melanie Kambadur and
                  Sharan Narang and
                  Aur{\'{e}}lien Rodriguez and
                  Robert Stojnic and
                  Sergey Edunov and
                  Thomas Scialom},
  title        = {Llama 2: Open Foundation and Fine-Tuned Chat Models},
  journal      = {CoRR},
  volume       = {abs/2307.09288},
  year         = {2023}
}
@article{RAFT,
  author       = {Hanze Dong and
                  Wei Xiong and
                  Deepanshu Goyal and
                  Rui Pan and
                  Shizhe Diao and
                  Jipeng Zhang and
                  Kashun Shum and
                  Tong Zhang},
  title        = {{RAFT:} Reward rAnked FineTuning for Generative Foundation Model Alignment},
  journal      = {CoRR},
  volume       = {abs/2304.06767},
  year         = {2023}
}
@inproceedings{RRHF,
  author       = {Zheng Yuan and
                  Hongyi Yuan and
                  Chuanqi Tan and
                  Wei Wang and
                  Songfang Huang and
                  Fei Huang},
  title        = {{RRHF:} Rank Responses to Align Language Models with Human Feedback
                  without tears},
  booktitle    = {{NeurIPS}},
  year         = {2023}
}
@article{jin2020sampling,
  title={Sampling-decomposable generative adversarial recommender},
  author={Jin, Binbin and Lian, Defu and Liu, Zheng and Liu, Qi and Ma, Jianhui and Xie, Xing and Chen, Enhong},
  journal={NeurIPS},
  year={2020}
}
@inproceedings{lian2020personalized,
  title={Personalized ranking with importance sampling},
  author={Lian, Defu and Liu, Qi and Chen, Enhong},
  booktitle={WWW},
  year={2020}
}
@article{wu2023influence,
  title={Influence-Driven Data Poisoning for Robust Recommender Systems},
  author={Wu, Chenwang and Lian, Defu and Ge, Yong and Zhu, Zhihao and Chen, Enhong},
  journal={TPAMI},
  year={2023},
}
@inproceedings{namkoong2017variance,
  author       = {Hongseok Namkoong and
                  John C. Duchi},
  title        = {Variance-based Regularization with Convex Objectives},
  booktitle    = {{NeurIPS}},
  year         = {2017}
}
@article{duchi2018learning,
  author       = {John C. Duchi and
                  Hongseok Namkoong},
  title        = {Learning Models with Uniform Performance via Distributionally Robust
                  Optimization},
  journal      = {CoRR},
  volume       = {abs/1810.08750},
  year         = {2018}
}
@inproceedings{shafieezadeh2015distributionally,
  author       = {Soroosh Shafieezadeh{-}Abadeh and
                  Peyman Mohajerin Esfahani and
                  Daniel Kuhn},
  title        = {Distributionally Robust Logistic Regression},
  booktitle    = {{NeurIPS}},
  year         = {2015}
}
@inproceedings{sinha2017certifying,
  author       = {Aman Sinha and
                  Hongseok Namkoong and
                  John C. Duchi},
  title        = {Certifying Some Distributional Robustness with Principled Adversarial
                  Training},
  booktitle    = {{ICLR}},
  year         = {2018}
}
@inproceedings{huang2022coresets,
  author       = {Ruomin Huang and
                  Jiawei Huang and
                  Wenjie Liu and
                  Hu Ding},
  title        = {Coresets for Wasserstein Distributionally Robust Optimization Problems},
  booktitle    = {NeurIPS},
  year         = {2022}
}
@article{lam2021orthounimodal,
  title={Orthounimodal distributionally robust optimization: Representation, computation and multivariate extreme event applications},
  author={Lam, Henry and Liu, Zhenyuan and Zhang, Xinyu},
  journal={arXiv preprint arXiv:2111.07894},
  year={2021}
}
@article{lam2017tail,
  author       = {Henry Lam and
                  Clementine Mottet},
  title        = {Tail Analysis Without Parametric Models: {A} Worst-Case Perspective},
  journal      = {Oper. Res.},
  volume       = {65},
  number       = {6},
  pages        = {1696--1711},
  year         = {2017}
}
@article{chen2021discrete,
  author       = {Xi Chen and
                  Simai He and
                  Bo Jiang and
                  Christopher Thomas Ryan and
                  Teng Zhang},
  title        = {The Discrete Moment Problem with Nonconvex Shape Constraints},
  journal      = {Oper. Res.},
  volume       = {69},
  number       = {1},
  pages        = {279--296},
  year         = {2021}
}
@inproceedings{michel2021modeling,
  author       = {Paul Michel and
                  Tatsunori Hashimoto and
                  Graham Neubig},
  title        = {Modeling the Second Player in Distributionally Robust Optimization},
  booktitle    = {{ICLR}},
  year         = {2021}
}
@inproceedings{michel2022distributionally,
  author       = {Paul Michel and
                  Tatsunori Hashimoto and
                  Graham Neubig},
  title        = {Distributionally Robust Models with Parametric Likelihood Ratios},
  booktitle    = {{ICLR}},
  year         = {2022}
}
@inproceedings{zhai2021doro,
  author       = {Runtian Zhai and
                  Chen Dan and
                  J. Zico Kolter and
                  Pradeep Ravikumar},
  title        = {{DORO:} Distributional and Outlier Robust Optimization},
  booktitle    = {{ICML}},
  year         = {2021}
}
@article{bradley1952rank,
  title={Rank analysis of incomplete block designs: I. The method of paired comparisons},
  author={Bradley, Ralph Allan and Terry, Milton E},
  journal={Biometrika},
  volume={39},
  number={3/4},
  pages={324--345},
  year={1952},
  publisher={JSTOR}
}
@inproceedings{imdb,
  author       = {Andrew L. Maas and
                  Raymond E. Daly and
                  Peter T. Pham and
                  Dan Huang and
                  Andrew Y. Ng and
                  Christopher Potts},
  title        = {Learning Word Vectors for Sentiment Analysis},
  booktitle    = {{ACL}},
  year         = {2011}
}
@inproceedings{trlx,
  author       = {Alexander Havrilla and
                  Maksym Zhuravinskyi and
                  Duy Phung and
                  Aman Tiwari and
                  Jonathan Tow and
                  Stella Biderman and
                  Quentin Anthony and
                  Louis Castricato},
  title        = {trlX: {A} Framework for Large Scale Reinforcement Learning from Human
                  Feedback},
  booktitle    = {{EMNLP}},
  year         = {2023}
}
@article{gpt2,
  title={Language Models are Unsupervised Multitask Learners},
  author={Radford, Alec and Wu, Jeff and Child, Rewon and Luan, David and Amodei, Dario and Sutskever, Ilya},
  year={2019}
}
@article{HARTMANN202375,
title = {More than a Feeling: Accuracy and Application of Sentiment Analysis},
journal = {International Journal of Research in Marketing},
year = {2023},
author = {Jochen Hartmann and Mark Heitmann and Christian Siebert and Christina Schamp},
}
@article{liu2019roberta,
    title = {RoBERTa: A Robustly Optimized BERT Pretraining Approach},
    author = {Yinhan Liu and Myle Ott and Naman Goyal and Jingfei Du and
              Mandar Joshi and Danqi Chen and Omer Levy and Mike Lewis and
              Luke Zettlemoyer and Veselin Stoyanov},
    journal={arXiv preprint arXiv:1907.11692},
    year = {2019},
}
@article{poor2021text,
  author       = {Suriya Gunasekar and
                  Yi Zhang and
                  Jyoti Aneja and
                  Caio C{\'{e}}sar Teodoro Mendes and
                  Allie Del Giorno and
                  Sivakanth Gopi and
                  Mojan Javaheripi and
                  Piero Kauffmann and
                  Gustavo de Rosa and
                  Olli Saarikivi and
                  Adil Salim and
                  Shital Shah and
                  Harkirat Singh Behl and
                  Xin Wang and
                  S{\'{e}}bastien Bubeck and
                  Ronen Eldan and
                  Adam Tauman Kalai and
                  Yin Tat Lee and
                  Yuanzhi Li},
  title        = {Textbooks Are All You Need},
  journal      = {CoRR},
  volume       = {abs/2306.11644},
  year         = {2023}
}
@article{f-dpo,
  author       = {Chaoqi Wang and
                  Yibo Jiang and
                  Chenghao Yang and
                  Han Liu and
                  Yuxin Chen},
  title        = {Beyond Reverse {KL:} Generalizing Direct Preference Optimization with
                  Diverse Divergence Constraints},
  journal      = {ICLR},
  year         = {2024}
}
@article{nguyen2010estimating,
  author       = {XuanLong Nguyen and
                  Martin J. Wainwright and
                  Michael I. Jordan},
  title        = {Estimating Divergence Functionals and the Likelihood Ratio by Convex
                  Risk Minimization},
  journal      = {{IEEE} Trans. Inf. Theory},
  year         = {2010}
}
@book{hiriart2004fundamentals,
  title={Fundamentals of convex analysis},
  author={Hiriart-Urruty, Jean-Baptiste and Lemar{\'e}chal, Claude},
  year={2004},
  publisher={Springer Science \& Business Media}
}
@article{ben2007old,
  title={An old-new concept of convex risk measures: the optimized certainty equivalent},
  author={Ben-Tal, Aharon and Teboulle, Marc},
  journal={Mathematical Finance},
  year={2007},
}
@book{boyd2004convex,
  title={Convex optimization},
  author={Boyd, Stephen P and Vandenberghe, Lieven},
  year={2004},
  publisher={Cambridge university press}
}
@inproceedings{Pythia,
  author       = {Stella Biderman and
                  Hailey Schoelkopf and
                  Quentin Gregory Anthony and
                  Herbie Bradley and
                  Kyle O'Brien and
                  Eric Hallahan and
                  Mohammad Aflah Khan and
                  Shivanshu Purohit and
                  USVSN Sai Prashanth and
                  Edward Raff and
                  Aviya Skowron and
                  Lintang Sutawika and
                  Oskar van der Wal},
  title        = {Pythia: {A} Suite for Analyzing Large Language Models Across Training
                  and Scaling},
  booktitle    = {{ICML}},
  year         = {2023}
}
@article{cDPO,
    title={A note on dpo with noisy preferences and relationship to ipo.},
    author={Rafael Rafailov and Archit Sharma and Eric Mitchell and Christopher D Manning and Stefano Ermon and Chelsea Finn},
    url={ericmitchell.ai/cdpo.pdf},
    year={2023},
}
@article{mt_bench,
  author       = {Lianmin Zheng and
                  Wei{-}Lin Chiang and
                  Ying Sheng and
                  Siyuan Zhuang and
                  Zhanghao Wu and
                  Yonghao Zhuang and
                  Zi Lin and
                  Zhuohan Li and
                  Dacheng Li and
                  Eric P. Xing and
                  Hao Zhang and
                  Joseph E. Gonzalez and
                  Ion Stoica},
  title        = {Judging LLM-as-a-judge with MT-Bench and Chatbot Arena},
  journal      = {CoRR},
  volume       = {abs/2306.05685},
  year         = {2023}
}
@inproceedings{label_dro,
  author       = {Dixian Zhu and
                  Yiming Ying and
                  Tianbao Yang},
  title        = {Label Distributionally Robust Losses for Multi-class Classification:
                  Consistency, Robustness and Adaptivity},
  booktitle    = {{ICML}},
  year         = {2023}
}
@article{SLiC-HF,
  author       = {Yao Zhao and
                  Rishabh Joshi and
                  Tianqi Liu and
                  Misha Khalman and
                  Mohammad Saleh and
                  Peter J. Liu},
  title        = {SLiC-HF: Sequence Likelihood Calibration with Human Feedback},
  journal      = {CoRR},
  volume       = {abs/2305.10425},
  year         = {2023}
}
@article{KTO,
  author       = {Kawin Ethayarajh and
                  Winnie Xu and
                  Niklas Muennighoff and
                  Dan Jurafsky and
                  Douwe Kiela},
  title        = {{KTO:} Model Alignment as Prospect Theoretic Optimization},
  journal      = {CoRR},
  volume       = {abs/2402.01306},
  year         = {2024}
}
@article{RSO,
  author       = {Tianqi Liu and
                  Yao Zhao and
                  Rishabh Joshi and
                  Misha Khalman and
                  Mohammad Saleh and
                  Peter J. Liu and
                  Jialu Liu},
  title        = {Statistical Rejection Sampling Improves Preference Optimization},
  journal      = {CoRR},
  volume       = {abs/2309.06657},
  year         = {2023}
}
@article{ORPO,
  author       = {Jiwoo Hong and
                  Noah Lee and
                  James Thorne},
  title        = {{ORPO:} Monolithic Preference Optimization without Reference Model},
  journal      = {CoRR},
  volume       = {abs/2403.07691},
  year         = {2024}
}
@inproceedings{LIMA,
  author       = {Chunting Zhou and
                  Pengfei Liu and
                  Puxin Xu and
                  Srinivasan Iyer and
                  Jiao Sun and
                  Yuning Mao and
                  Xuezhe Ma and
                  Avia Efrat and
                  Ping Yu and
                  Lili Yu and
                  Susan Zhang and
                  Gargi Ghosh and
                  Mike Lewis and
                  Luke Zettlemoyer and
                  Omer Levy},
  title        = {{LIMA:} Less Is More for Alignment},
  booktitle    = {NeurIPS},
  year         = {2023}
}
@article{WebGPT,
  author       = {Reiichiro Nakano and
                  Jacob Hilton and
                  Suchir Balaji and
                  Jeff Wu and
                  Long Ouyang and
                  Christina Kim and
                  Christopher Hesse and
                  Shantanu Jain and
                  Vineet Kosaraju and
                  William Saunders and
                  Xu Jiang and
                  Karl Cobbe and
                  Tyna Eloundou and
                  Gretchen Krueger and
                  Kevin Button and
                  Matthew Knight and
                  Benjamin Chess and
                  John Schulman},
  title        = {WebGPT: Browser-assisted question-answering with human feedback},
  journal      = {CoRR},
  volume       = {abs/2112.09332},
  year         = {2021}
}
@inproceedings{Gao23ICML,
  author       = {Leo Gao and
                  John Schulman and
                  Jacob Hilton},
  title        = {Scaling Laws for Reward Model Overoptimization},
  booktitle    = {{ICML}},
  series       = {Proceedings of Machine Learning Research},
  volume       = {202},
  pages        = {10835--10866},
  publisher    = {{PMLR}},
  year         = {2023}
}
@article{morimura2024filtered,
  title={Filtered Direct Preference Optimization},
  author={Morimura, Tetsuro and Sakamoto, Mitsuki and Jinnai, Yuu and Abe, Kenshi and Air, Kaito},
  journal={arXiv preprint arXiv:2404.13846},
  year={2024}
}
@inproceedings{ge2015escaping,
  author       = {Rong Ge and
                  Furong Huang and
                  Chi Jin and
                  Yang Yuan},
  title        = {Escaping From Saddle Points - Online Stochastic Gradient for Tensor
                  Decomposition},
  booktitle    = {{COLT}},
  year         = {2015}
}
@inproceedings{bottou2010large,
  author       = {L{\'{e}}on Bottou},
  title        = {Large-Scale Machine Learning with Stochastic Gradient Descent},
  booktitle    = {{COMPSTAT}},
  year         = {2010}
}
@article{robbins1951stochastic,
  title={A stochastic approximation method},
  author={Robbins, Herbert and Monro, Sutton},
  year={1951},
  publisher={JSTOR}
}
@inproceedings{tldr_dataset,
  author       = {Michael V{\"{o}}lske and
                  Martin Potthast and
                  Shahbaz Syed and
                  Benno Stein},
  title        = {TL;DR: Mining Reddit to Learn Automatic Summarization},
  booktitle    = {NFiS@EMNLP},
  year         = {2017}
}
@article{xia2024less,
  title={Less: Selecting Influential Data for Instruction Tuning},
  author={Xia, Mengzhou and Malladi, Sadhika and Gururangan, Suchin and Arora, Sanjeev and Chen, Danqi},
  booktitle    = {ICML},
  year={2024}
}
@inproceedings{pruthi2020estimating,
  author       = {Garima Pruthi and
                  Frederick Liu and
                  Satyen Kale and
                  Mukund Sundararajan},
  title        = {Estimating Training Data Influence by Tracing Gradient Descent},
  booktitle    = {NeurIPS},
  year         = {2020}
}
@article{sppo,
  title={Self-Play Preference Optimization for Language Model Alignment},
  author={Wu, Yue and Sun, Zhiqing and Yuan, Huizhuo and Ji, Kaixuan and Yang, Yiming and Gu, Quanquan},
  journal={arXiv preprint arXiv:2405.00675},
  year={2024}
}
@inproceedings{outlier_dataset,
  author       = {Irina Bejan and
                  Artem Sokolov and
                  Katja Filippova},
  title        = {Make Every Example Count: On the Stability and Utility of Self-Influence
                  for Learning from Noisy {NLP} Datasets},
  booktitle    = {{EMNLP}},
  year         = {2023}
}
@inproceedings{mixture_data,
  author       = {Guilherme Penedo and
                  Quentin Malartic and
                  Daniel Hesslow and
                  Ruxandra Cojocaru and
                  Hamza Alobeidli and
                  Alessandro Cappelli and
                  Baptiste Pannier and
                  Ebtesam Almazrouei and
                  Julien Launay},
  title        = {The RefinedWeb Dataset for Falcon {LLM:} Outperforming Curated Corpora
                  with Web Data Only},
  booktitle    = {NeurIPS},
  year         = {2023}
}
@article{Uncertainty,
  author       = {Oliver Zhang and
                  Mike Wu and
                  Jasmine Bayrooti and
                  Noah D. Goodman},
  title        = {Temperature as Uncertainty in Contrastive Learning},
  journal      = {CoRR},
  volume       = {abs/2110.04403},
  year         = {2021}
}
@inproceedings{long_tail,
  author       = {Anna Kukleva and
                  Moritz B{\"{o}}hle and
                  Bernt Schiele and
                  Hilde Kuehne and
                  Christian Rupprecht},
  title        = {Temperature Schedules for self-supervised contrastive methods on long-tail
                  data},
  booktitle    = {{ICLR}},
  year         = {2023}
}
@inproceedings{MACL,
  author       = {Zizheng Huang and
                  Haoxing Chen and
                  Ziqi Wen and
                  Chao Zhang and
                  Huaxiong Li and
                  Bo Wang and
                  Chunlin Chen},
  title        = {Model-Aware Contrastive Learning: Towards Escaping the Dilemmas},
  booktitle    = {{ICML}},
  year         = {2023}
}
@inproceedings{mae,
  author       = {Timothy P. Lillicrap and
                  Jonathan J. Hunt and
                  Alexander Pritzel and
                  Nicolas Heess and
                  Tom Erez and
                  Yuval Tassa and
                  David Silver and
                  Daan Wierstra},
  title        = {Continuous control with deep reinforcement learning},
  booktitle    = {{ICLR} (Poster)},
  year         = {2016}
}
@article{3sigma,
  title={The three sigma rule},
  author={Pukelsheim, Friedrich},
  journal={The American Statistician},
  year={1994},
}
@article{tldr2,
  author       = {Nisan Stiennon and
                  Long Ouyang and
                  Jeff Wu and
                  Daniel M. Ziegler and
                  Ryan Lowe and
                  Chelsea Voss and
                  Alec Radford and
                  Dario Amodei and
                  Paul F. Christiano},
  title        = {Learning to summarize from human feedback},
  journal      = {CoRR},
  volume       = {abs/2009.01325},
  year         = {2020}
}
@inproceedings{havrilla-etal-2023-trlx,
    title = "trl{X}: A Framework for Large Scale Reinforcement Learning from Human Feedback",
    author = "Havrilla, Alexander  and
      Zhuravinskyi, Maksym  and
      Phung, Duy  and
      Tiwari, Aman  and
      Tow, Jonathan  and
      Biderman, Stella  and
      Anthony, Quentin  and
      Castricato, Louis",
    booktitle = "EMNLP",
    month = dec,
    year = "2023",
}
@inproceedings{spin,
  author       = {Zixiang Chen and
                  Yihe Deng and
                  Huizhuo Yuan and
                  Kaixuan Ji and
                  Quanquan Gu},
  title        = {Self-Play Fine-Tuning Converts Weak Language Models to Strong Language
                  Models},
  booktitle    = {{ICML}},
  year         = {2024}
}
@article{SimPO2024,
  author       = {Yu Meng and
                  Mengzhou Xia and
                  Danqi Chen},
  title        = {SimPO: Simple Preference Optimization with a Reference-Free Reward},
  journal      = {CoRR},
  volume       = {abs/2405.14734},
  year         = {2024}
}
@article{llama3modelcard,
  title  = {Llama 3 Model Card},
  author = {AI@Meta},
  year   = {2024},
  url    = {https://github.com/meta-llama/llama3/blob/main/MODEL_CARD.md}
}

@article{Jiang2023Mistral7,
  title   = {Mistral {7B}},
  author  = {Albert Qiaochu Jiang and Alexandre Sablayrolles and Arthur Mensch and Chris Bamford and Devendra Singh Chaplot and Diego de Las Casas and Florian Bressand and Gianna Lengyel and Guillaume Lample and Lucile Saulnier and L'elio Renard Lavaud and Marie-Anne Lachaux and Pierre Stock and Teven Le Scao and Thibaut Lavril and Thomas Wang and Timoth{\'e}e Lacroix and William El Sayed},
  journal = {ArXiv},
  year    = {2023},
  volume  = {abs/2310.06825}
}

@inproceedings{Ding2023EnhancingCL,
  title     = {Enhancing Chat Language Models by Scaling High-quality Instructional Conversations},
  author    = {Ning Ding and Yulin Chen and Bokai Xu and Yujia Qin and Zhi Zheng and Shengding Hu and Zhiyuan Liu and Maosong Sun and Bowen Zhou},
  booktitle = {EMNLP},
  year      = {2023}
}
@article{ArmoRM,
  title   = {Interpretable Preferences via Multi-Objective Reward Modeling and Mixture-of-Experts},
  author  = {Haoxiang Wang and Wei Xiong and Tengyang Xie and Han Zhao and Tong Zhang},
  journal = {arXiv preprint arXiv:2406.12845},
  year    = {2024}
}
@inproceedings{Jiang2023LLMBlenderEL,
  title     = {{LLM-Blender}: Ensembling Large Language Models with Pairwise Ranking and Generative Fusion},
  author    = {Dongfu Jiang and Xiang Ren and Bill Yuchen Lin},
  booktitle = {ACL},
  year      = {2023}
}

@inproceedings{FangZW00LWD024,
  author       = {Junfeng Fang and
                  Shuai Zhang and
                  Chang Wu and
                  Zhengyi Yang and
                  Zhiyuan Liu and
                  Sihang Li and
                  Kun Wang and
                  Wenjie Du and
                  Xiang Wang},
  title        = {MolTC: Towards Molecular Relational Modeling In Language Models},
  booktitle    = {{ACL} (Findings)},
  pages        = {1943--1958},
  publisher    = {Association for Computational Linguistics},
  year         = {2024}
}
@inproceedings{fangjf2024neuron,
  title={Towards Neuron Attributions in Multi-Modal Large Language Models},
  author={Junfeng Fang and Zongze Bi and Ruipeng Wang and Houcheng Jiang and Yuan Gao and Kun Wang and An Zhang and Jie Shi and Xiang Wang and Tat-Seng Chua},
  booktitle={Thirty-eighth Conference on Neural Information Processing Systems},
  year={2024}
}
@article{drdpo,
  author       = {Junkang Wu and
                  Yuexiang Xie and
                  Zhengyi Yang and
                  Jiancan Wu and
                  Jiawei Chen and
                  Jinyang Gao and
                  Bolin Ding and
                  Xiang Wang and
                  Xiangnan He},
  title        = {Towards Robust Alignment of Language Models: Distributionally Robustifying
                  Direct Preference Optimization},
  journal      = {CoRR},
  volume       = {abs/2407.07880},
  year         = {2024}
}